@article{raissi2017_pinn,
  title={Physics Informed Deep Learning (Part I): Data-driven Solutions of Nonlinear Partial Differential Equations},
  author={Raissi, Maziar and Perdikaris, Paris and Karniadakis, George Em},
  journal={arXiv preprint arXiv:1711.10561},
  year={2017}
}

@article{yang2024_deeponet,
  title={DeepONet for Solving Nonlinear Partial Differential Equations with Physics-Informed Training},
  author={Yang, Yahong},
  journal={arXiv preprint arXiv:2410.04344},
  year={2024}
}

@article{li2020_fno,
  title={Fourier Neural Operator for Parametric Partial Differential Equations},
  author={Li, Zongyi and Kovachki, Nikola and Azizzadenesheli, Kamyar and Liu, Burigede and Bhattacharya, Kaushik and Stuart, Andrew and Anandkumar, Anima},
  journal={arXiv preprint arXiv:2010.08895},
  year={2020}
}

@article{li2022_geofno,
  title={Fourier Neural Operator with Learned Deformations for PDEs on General Geometries},
  author={Li, Zongyi and Huang, Daniel Zhengyu and Liu, Burigede and Anandkumar, Anima},
  journal={Journal of Machine Learning Research},
  volume={24},
  pages={1--26},
  year={2023}
}

@article{gao2021_gcnn_pinn,
  title={Physics-informed graph neural Galerkin networks: A unified framework for solving PDE-governed forward and inverse problems},
  author={Gao, Han and Zahr, Matthew J and Wang, Jian-Xun},
  journal={Computer Methods in Applied Mechanics and Engineering},
  year={2021}
}

@article{turing1952morphogenesis,
  author    = {Turing, Alan M.},
  title     = {The chemical basis of morphogenesis},
  journal   = {Philosophical Transactions of the Royal Society of London. Series B, Biological Sciences},
  volume    = {237},
  number    = {641},
  pages     = {37--72},
  year      = {1952},
  publisher = {The Royal Society},
  doi       = {10.1098/rstb.1952.0012}
}

@book{murray2003mathematical,
  author    = {Murray, James D.},
  title     = {Mathematical Biology II: Spatial Models and Biomedical Applications},
  edition   = {3rd},
  publisher = {Springer},
  address   = {New York},
  year      = {2003},
  series    = {Interdisciplinary Applied Mathematics}
}

@article{keller1970instability,
  author  = {Keller, Evelyn F. and Segel, Lee A.},
  title   = {Initiation of slime mold aggregation viewed as an instability},
  journal = {Journal of Theoretical Biology},
  volume  = {26},
  number  = {3},
  pages   = {399--415},
  year    = {1970},
  doi     = {10.1016/0022-5193(70)90092-5}
}

@book{schiesser1991mol,
  author    = {Schiesser, William E.},
  title     = {The Numerical Method of Lines: Integration of Partial Differential Equations},
  publisher = {Academic Press},
  year      = {1991},
  address   = {San Diego}
}

@article{raissi2019physics,
  author    = {Raissi, Maziar and Perdikaris, Paris and Karniadakis, George E.},
  title     = {Physics-informed neural networks: A deep learning framework for solving forward and inverse problems involving nonlinear partial differential equations},
  journal   = {Journal of Computational Physics},
  volume    = {378},
  pages     = {686--707},
  year      = {2019},
  publisher = {Elsevier},
  doi       = {10.1016/j.jcp.2018.10.045}
}

@article{academia12,
  title={Learning nonlinear operators with deep neural networks and error analysis},
  author={Bhattacharya, Kaushik and Hosseini, Bamdad and Kovachki, Nikola B and Stuart, Andrew M},
  journal={Journal of Computational Physics},
  volume={449},
  pages={110768},
  year={2022},
  publisher={Elsevier}
}

@article{academia13,
  title={Corrective residual modeling for physics-informed deep learning of PDEs: Theory and applications},
  author={Tripathy, Rajat and Bilionis, Ilias},
  journal={Computer Methods in Applied Mechanics and Engineering},
  volume={398},
  pages={115248},
  year={2022},
  publisher={Elsevier}
}

@article{search10,
  title={Graph neural operator for PDEs on irregular domains},
  author={Brandstetter, Johannes and Welling, Max and Kipf, Thomas},
  journal={arXiv preprint arXiv:2206.11871},
  year={2022}
}